
@article{a_faraji,
	author = " Faraji, M and Preuschoff, K and Gerstner, W",
	year = "2017",
	title = "Balancing New against Old Information: The Role of Puzzlement Surprise in Learning.",
	journal = "Neural Computation"	
}


@article{a_squires,
	author = "Squires, KC and Wickens, C and Squires, NK and Donchin, E.",
	year = "1976",
	title = "The effect of stimulus sequence on the waveform of
	the cortical event-related potential.",
	journal = "Science",
	volume = "193",
	pages = "1142â€“1146"
}

@article{a_kolossa,
	author = "Kolossa, A, and Fingscheidt, T and Wessel, K and  Kopp, B",
	year = "2013",
	title = "A Model-Based Approach to Trial-By-Trial P300 Amplitude Fluctuations.",
	journal = "Front Hum Neurosci"	
}

@article{a_meyniel,
	author = "Meyniel, F and Maheu, M and Dehaene, S ",
	year = "2016",
	title = "Human Inferences about Sequences: A Minimal Transition Probability Model.",
	journal = "PLoS Comput Biol"	
}



